@misc{londono2014guias,
  title={Gu{\'\i}as para construir estados del arte},
  author={Londo{\~n}o Palacio, Olga Luc{\'\i}a and Maldonado Granados, Luis Facundo and Calder{\'o}n Villaf{\'a}{\~n}ez, Liccy Catalina},
  year={2014},
  journal ={},
  publisher={International Corporation of Networks of Knowledge}
}