@inproceedings{Rompf2015GoMA,
  title={Go Meta! A Case for Generative Programming and DSLs in Performance Critical Systems},
  author={Tiark Rompf and Kevin J. Brown and HyoukJoong Lee and Arvind K. Sujeeth and Manohar Jonnalagedda and Nada Amin and Georg Ofenbeck and Alen Stojanov and Yannis Klonatos and Mohammad Dashti and Christoph Koch and Markus P{\"u}schel and Kunle Olukotun},
  booktitle={SNAPL},
  year={2015}
}
