@book{tortora/derrickson2018,
 Author = {Tortora/Derrickson},
 title = {Anatomy and Physiology, 15th edition},
 description = {Anatomy and Physiology, 15th edition (Book, 2018)},
 publisher = {Wiley Custom Learning Solutions},
 interhash = {f96b7c3f5b5c142906578d8f3aaf040c},
 intrahash = {4884f85ad122fdc96080eaffe02524a1},
 year = {2018},
 month = {nov},
 isbn = {111932064X}
 }
