@book{ensminger2008ultrasonics,
  title={Ultrasonics: Data, Equations and Their Practical Uses},
  author={Ensminger, D. and Stulen, F.B.},
  isbn={9781420020205},
  url={https://books.google.cl/books?id=u2XlPFCbVPgC},
  year={2008},
  publisher={CRC Press}
}
